@book{B,
  title={Algebraic combinatorics and coinvariant spaces},
  author={Bergeron, F.},
  year={2009},
  publisher={CRC Press}
}

@article{AB,
  title={Catalan paths and quasi-symmetric functions},
  author={Aval, J.-C. and Bergeron, N.},
  journal={Proceedings of the American Mathematical Society},
  volume={131},
  number={4},
  pages={1053--1062},
  year={2003}
}

@article{ABB,
  title={Ideals of quasi-symmetric functions and super-covariant polynomials for $S_n$},
  author={Aval, J.-C. and Bergeron, F. and Bergeron, N.},
  journal={Advances in Mathematics},
  volume={181},
  number={2},
  pages={353--367},
  year={2004},
  publisher={Elsevier}
}

@article{CM,
  title={A proof of the shuffle conjecture},
  author={Carlsson, E. and Mellit, A.},
  journal={Journal of the American Mathematical Society},
  volume={31},
  number={3},
  pages={661--697},
  year={2018}
}

@article{Chevalley,
  title={Invariants of finite groups generated by reflections},
  author={Chevalley, C.},
  journal={American Journal of Mathematics},
  volume={77},
  number={4},
  pages={778--782},
  year={1955},
  publisher={JSTOR}
}

@book{CLO,
  title={Ideals, varieties, and algorithms: an introduction to computational algebraic geometry and commutative algebra},
  author={Cox, D. and Little, J. and O'Shea, D.},
  year={2013},
  publisher={Springer Science \& Business Media}
}

@article{DM,
  title={A proof of the compositional {D}elta conjecture},
  author={D'Adderio, M. and Mellit, A.},
  journal={Advances in Mathematics},
  volume={402},
  pages={108342},
  year={2022},
  publisher={Elsevier}
}

@article{DIW,
  title={Theta operators, refined {D}elta conjectures, and coinvariants},
  author={D'Adderio, M. and Iraci, A. and Vanden Wyngaerd, A.},
  journal={Advances in Mathematics},
  volume={376},
  pages={107447},
  year={2021},
  publisher={Elsevier}
}

@article{DLM,
  title={Classical symmetric functions in superspace},
  author={Desrosiers, P. and Lapointe, L. and Mathieu, P.},
  journal={Journal of Algebraic Combinatorics},
  volume={24},
  number={2},
  pages={209--238},
  year={2006},
  publisher={Springer}
}

@article{DLM2,
  title={Jack polynomials in superspace},
  author={Desrosiers, P. and Lapointe, L. and Mathieu, P.},
  journal={Communications in mathematical physics},
  volume={242},
  number={1},
  pages={331--360},
  year={2003},
  publisher={Springer}
}

@article{FLP,
  title={Hopf algebra structure of symmetric and quasisymmetric functions in superspace},
  author={Fishel, S. and Lapointe, L. and Pinto, M. E.},
  journal={Journal of Combinatorial Theory, Series A},
  volume={166},
  pages={144--170},
  year={2019},
  publisher={Elsevier}
}

@article{GH96,
  title={A remarkable $q,t$-{C}atalan sequence and $q$-{L}agrange inversion},
  author={Garsia, A. M. and Haiman, M.},
  journal={Journal of Algebraic Combinatorics},
  volume={5},
  number={3},
  pages={191--244},
  year={1996},
  publisher={Springer}
}

@article{GH,
  title={Orbit harmonics and graded representations},
  author={Garsia, A. M. and Haiman, M.},
  journal={Publications du LaCIM, Universit\'e du Qu\'ebec \`a Montr\'eal (2008)},
  year={2008}
}

@article{GW,
  title={Qsym over {S}ym is free},
  author={Garsia, A. M and Wallach, N.},
  journal={Journal of Combinatorial Theory, Series A},
  volume={104},
  number={2},
  pages={217--263},
  year={2003},
  publisher={Elsevier}
}

@article{HHLRU,
  title={A combinatorial formula for the character of the diagonal coinvariants},
  author={Haglund, J. and Haiman, M. and Loehr, N. and Remmel, J. B. and Ulyanov, A.},
  journal={Duke Mathematical Journal},
  volume={126},
  number={2},
  pages={195--232},
  year={2005},
  publisher={Duke University Press}
}

@article{HRW,
  title={The {D}elta conjecture},
  author={Haglund, J. and Remmel, J. and Wilson, A.},
  journal={Transactions of the American Mathematical Society},
  volume={370},
  number={6},
  pages={4029--4057},
  year={2018}
}

@article{H,
  title={Conjectures on the quotient ring by diagonal invariants},
  author={Haiman, M.},
  journal={Journal of Algebraic Combinatorics},
  volume={3},
  number={1},
  pages={17--76},
  year={1994},
  publisher={Springer}
}

@article{H2,
  title={Vanishing theorems and character formulas for the {H}ilbert scheme of points in the plane},
  author={Haiman, M.},
  journal={Inventiones mathematicae},
  volume={149},
  number={2},
  pages={371--407},
  year={2002},
  publisher={Springer}
}

@article{Hi,
  title={Hecke algebras, difference operators, and quasi-symmetric functions},
  author={Hivert, F.},
  journal={Advances in Mathematics},
  volume={155},
  number={2},
  pages={181--238},
  year={2000},
  publisher={Elsevier}
}

@misc{IRR,
  author={Iraci, A. and Rhoades, B. and Romero, M.},
  eprint={2202.04170},
  eprinttype={arxiv},
  title={A proof of the fermionic {T}heta coinvariant conjecture},
  year={2022}
}

@misc{KR,
  author={Kim, J. and Rhoades, B.},
  eprint={2109.06373},
  eprinttype={arxiv},
  title={Set partitions, fermions, and skein relations},
  year={2021}
}

@article{L,
  title={Ideals and quotients of diagonally quasi-symmetric functions},
  author = {Li, S. X.},
  year = 2017,
  month = {jul},
  publisher = {The Electronic Journal of Combinatorics},
  volume = {24},
  number = {3}
}

@book{MacSchub,
  title={Notes on {S}chubert polynomials},
  author={Macdonald, I. G.},
  year={1991},
  publisher={Publication LACIM, vol. 6, Universit\'e du Qu\'ebec \`a Montr\'eal},
}

@book{Manivel,
  title={Symmetric functions, {S}chubert polynomials and degeneracy loci},
  author={Manivel, L.},
  volume={3},
  year={2001},
  publisher={American Mathematical Soc.}
}

@article{ST,
  title={Finite unitary reflection groups},
  author={Shephard, G. C. and Todd, J. A.},
  journal={Canadian Journal of Mathematics},
  volume={6},
  pages={274--304},
  year={1954},
  publisher={Cambridge University Press}
}

@article{SW,
  title={Harmonic differential forms for pseudo-reflection groups I. Semi-invariants},
  author={Swanson, J. P. and Wallach, N. R.},
  journal={Journal of Combinatorial Theory, Series A},
  volume={182},
  pages={105474},
  year={2021},
  publisher={Elsevier}
}

@article{SW2,
  author={Swanson, J. P. and Wallach, N. R.},
  eprint={2109.03407},
  eprinttype={arxiv},
  title={Harmonic differential forms for pseudo-reflection groups II. Bi-degree bounds},
  year={2021}
}

@misc{W,
  title={Some implications of a conjecture of Zabrocki to the action of $ S\_ $\{$n$\}$ $ on polynomial differential forms},
  author={Wallach, N. R.},
  eprint={1906.11787},
  eprinttype={arxiv},
  year={2019}
}

@misc{Z,
  title={A module for the Delta conjecture},
  author={Zabrocki, M.},
  eprint={1902.08966},
  eprinttype={arxiv},
  year={2019}
}

@online{OEIS,
    title = {OEIS Foundation Inc. (2022), The On-Line Encyclopedia of Integer Sequences},
    url = {http://oeis.org}
  }

@misc{DG,
  author={Grinberg, D.},
  date={2022-10-03},
  howpublished={private communication}
}
